@ARTICLE{vdm12,
       author = {{van der Marel}, Roeland P. and {Besla}, Gurtina and {Cox}, T.~J. and
         {Sohn}, Sangmo Tony and {Anderson}, Jay},
        title = "{The M31 Velocity Vector. III. Future Milky Way M31-M33 Orbital Evolution, Merging, and Fate of the Sun}",
      journal = {\apj},
     keywords = {galaxies: individual: M31, galaxies: kinematics and dynamics, Local Group, proper motions, Astrophysics - Galaxy Astrophysics},
         year = 2012,
        month = jul,
       volume = {753},
       number = {1},
          eid = {9},
        pages = {9},
          doi = {10.1088/0004-637X/753/1/9},
archivePrefix = {arXiv},
       eprint = {1205.6865},
 primaryClass = {astro-ph.GA},
       adsurl = {https://ui.adsabs.harvard.edu/abs/2012ApJ...753....9V},
      adsnote = {Provided by the SAO/NASA Astrophysics Data System}
}


@ARTICLE{vdm19,
       author = {{van der Marel}, Roeland P. and {Fardal}, Mark A. and
         {Sohn}, Sangmo Tony and {Patel}, Ekta and {Besla}, Gurtina and
         {del Pino}, Andr{\'e}s and {Sahlmann}, Johannes and {Watkins}, Laura L.},
        title = "{First Gaia Dynamics of the Andromeda System: DR2 Proper Motions, Orbits, and Rotation of M31 and M33}",
      journal = {\apj},
     keywords = {galaxies: kinematics and dynamics, Local Group, proper motions, Astrophysics - Astrophysics of Galaxies},
         year = 2019,
        month = feb,
       volume = {872},
       number = {1},
          eid = {24},
        pages = {24},
          doi = {10.3847/1538-4357/ab001b},
archivePrefix = {arXiv},
       eprint = {1805.04079},
 primaryClass = {astro-ph.GA},
       adsurl = {https://ui.adsabs.harvard.edu/abs/2019ApJ...872...24V},
      adsnote = {Provided by the SAO/NASA Astrophysics Data System}
}

@ARTICLE{cox08,
       author = {{Cox}, T.~J. and {Loeb}, Abraham},
        title = "{The collision between the Milky Way and Andromeda}",
      journal = {\mnras},
     keywords = {methods: N-body simulations, Galaxy: evolution, galaxies: evolution, galaxies: formation, galaxies: interactions, Local Group, Astrophysics},
         year = 2008,
        month = may,
       volume = {386},
       number = {1},
        pages = {461-474},
          doi = {10.1111/j.1365-2966.2008.13048.x},
archivePrefix = {arXiv},
       eprint = {0705.1170},
 primaryClass = {astro-ph},
       adsurl = {https://ui.adsabs.harvard.edu/abs/2008MNRAS.386..461C},
      adsnote = {Provided by the SAO/NASA Astrophysics Data System}
}

@article{will12,
  title={“GALAXY,” DEFINED},
  author={Willman, Beth and Strader, Jay},
  journal={The Astronomical Journal},
  volume={144},
  number={3},
  pages={76},
  year={2012},
  publisher={IOP Publishing}
}

@ARTICLE{gott2006,
       author = {{Gott}, J. Richard, III and {Mugnolo}, Charles and {Colley}, Wesley N.},
        title = "{Map Projections Minimizing Distance Errors}",
      journal = {arXiv e-prints},
     keywords = {Astrophysics},
         year = 2006,
        month = aug,
          eid = {astro-ph/0608500},
        pages = {astro-ph/0608500},
archivePrefix = {arXiv},
       eprint = {astro-ph/0608500},
 primaryClass = {astro-ph},
       adsurl = {https://ui.adsabs.harvard.edu/abs/2006astro.ph..8500G},
      adsnote = {Provided by the SAO/NASA Astrophysics Data System}
}

@INPROCEEDINGS{2dvis,
       author = {{Schiavi}, Riccardo and {Capuzzo-Dolcetta}, Roberto and
         {Arca Sedda}, Manuel and {Spera}, Mario},
        title = "{The collision between the Milky Way and Andromeda and the fate of their Supermassive Black Holes}",
     keywords = {Milky Way, Andromeda, Supermassive Black Holes (SMBHs), Galaxy Collision, Astrophysics - Astrophysics of Galaxies},
    booktitle = {IAU Symposium},
         year = 2020,
       editor = {{Bragaglia}, Angela and {Davies}, Melvyn and {Sills}, Alison and
         {Vesperini}, Enrico},
       series = {IAU Symposium},
       volume = {351},
        month = jan,
        pages = {161-164},
          doi = {10.1017/S1743921319007439},
archivePrefix = {arXiv},
       eprint = {1908.07278},
 primaryClass = {astro-ph.GA},
       adsurl = {https://ui.adsabs.harvard.edu/abs/2020IAUS..351..161S},
      adsnote = {Provided by the SAO/NASA Astrophysics Data System}
}